<collection xmlns="http://www.loc.gov/MARC21/slim">
<record>
  <leader>01542nam0a2200301 i 450 </leader>
  <controlfield tag="001">IT\ICCU\CNCE\078914</controlfield>
  <controlfield tag="005">20150320000000.0</controlfield>
  <datafield tag="012" ind1=" " ind2=" ">
    <subfield code="a">lio&amp; neli soti enir (C) 1554 (R)</subfield>
    <subfield code="2">fei</subfield>
  </datafield>
  <datafield tag="100" ind1=" " ind2=" ">
    <subfield code="a">20150320d1554        0itac0103    ba</subfield>
  </datafield>
  <datafield tag="101" ind1=" " ind2=" ">
    <subfield code="a">ITA</subfield>
  </datafield>
  <datafield tag="102" ind1=" " ind2=" ">
    <subfield code="a">IT</subfield>
  </datafield>
  <datafield tag="200" ind1="1" ind2=" ">
    <subfield code="a">Vita di m. Triphone Gabriele nella quale si mostrano apieno le lodi della uita soletaria et contemplatiua</subfield>
  </datafield>
  <datafield tag="210" ind1=" " ind2=" ">
    <subfield code="a">In Vinegia</subfield>
    <subfield code="c">appresso Bartholomeo Cesano</subfield>
    <subfield code="d">1554</subfield>
    <subfield code="e">In Vinegia</subfield>
    <subfield code="g">per Bartholomeo Cesano</subfield>
    <subfield code="h">1554</subfield>
  </datafield>
  <datafield tag="215" ind1=" " ind2=" ">
    <subfield code="a">\8! c.</subfield>
    <subfield code="d">8ʻ</subfield>
  </datafield>
  <datafield tag="300" ind1=" " ind2=" ">
    <subfield code="a">Per l&apos;autore cfr.: G. Melzi. Dizionario di opere anonime p. 243</subfield>
  </datafield>
  <datafield tag="620" ind1=" " ind2=" ">
    <subfield code="a">IT</subfield>
    <subfield code="d">Venezia</subfield>
  </datafield>
  <datafield tag="700" ind1=" " ind2="1">
    <subfield code="a">Gabriele,</subfield>
    <subfield code="b">Giacomo</subfield>
    <subfield code="3">IT\ICCU\CNCA\005767</subfield>
  </datafield>
  <datafield tag="712" ind1="0" ind2="0">
    <subfield code="a">Cesano, Bartolomeo</subfield>
    <subfield code="3">IT\ICCU\CNCT\000074</subfield>
    <subfield code="4">650</subfield>
  </datafield>
  <datafield tag="790" ind1=" " ind2="1">
    <subfield code="a">Cabriele,</subfield>
    <subfield code="b">Iacomo</subfield>
    <subfield code="3">IT\ICCU\CNCA\005768</subfield>
    <subfield code="z">Gabriele, Giacomo</subfield>
  </datafield>
  <datafield tag="790" ind1=" " ind2="0">
    <subfield code="a">Gabriello</subfield>
    <subfield code="3">IT\ICCU\CNCA\016977</subfield>
    <subfield code="z">Gabriele, Giacomo</subfield>
  </datafield>
  <datafield tag="790" ind1=" " ind2="1">
    <subfield code="a">Gabriel,</subfield>
    <subfield code="b">Jacopo</subfield>
    <subfield code="3">IT\ICCU\CNCA\018940</subfield>
    <subfield code="z">Gabriele, Giacomo</subfield>
  </datafield>
  <datafield tag="790" ind1=" " ind2="1">
    <subfield code="a">Gabriele,</subfield>
    <subfield code="b">Jacopo</subfield>
    <subfield code="3">IT\ICCU\CNCA\018967</subfield>
    <subfield code="z">Gabriele, Giacomo</subfield>
  </datafield>
  <datafield tag="791" ind1="0" ind2="0">
    <subfield code="a">Caesanus, Bartholomaeus</subfield>
    <subfield code="3">IT\ICCU\CNCT\003671</subfield>
    <subfield code="z">Cesano, Bartolomeo</subfield>
  </datafield>
  <datafield tag="801" ind1=" " ind2="3">
    <subfield code="a">IT</subfield>
    <subfield code="b">ICCU</subfield>
    <subfield code="c">20201115</subfield>
  </datafield>
  <datafield tag="899" ind1=" " ind2=" ">
    <subfield code="a">Biblioteca Palatina. Parma</subfield>
    <subfield code="1">PR0072</subfield>
    <subfield code="2">PAR PA</subfield>
  </datafield>
  <datafield tag="899" ind1=" " ind2=" ">
    <subfield code="a">Biblioteca d&apos;arte del Museo civico Correr. Venezia</subfield>
    <subfield code="1">VE0039</subfield>
    <subfield code="2">VEA BC</subfield>
  </datafield>
  <datafield tag="911" ind1=" " ind2=" ">
    <subfield code="a">Sul front.</subfield>
    <subfield code="9">IT\ICCU\CNCM\000332</subfield>
  </datafield>
  <datafield tag="921" ind1=" " ind2=" ">
    <subfield code="a">IT\ICCU\CNCM\000332</subfield>
    <subfield code="b">Fortezza (donna in piedi tiene sotto il braccio destro una colonna spezzata). In cornice ovale.</subfield>
    <subfield code="e">Fortitudo mea dominus.</subfield>
    <subfield code="c">Q18</subfield>
    <subfield code="c">Z566</subfield>
    <subfield code="d">Dimensioni: 5,2 x 6</subfield>
    <subfield code="f">COLONNA</subfield>
    <subfield code="f">DONNA</subfield>
    <subfield code="f">FORTEZZA</subfield>
    <subfield code="f">FORTITUDOM</subfield>
    <subfield code="g">1550-1595</subfield>
  </datafield>
</record>
</collection>
